@incollection{ambrosio_users_2013,
	series = {Lecture Notes in Mathematics},
	title = {A User’s Guide to Optimal Transport},
	isbn = {978-3-642-32159-7, 978-3-642-32160-3},
	url = {http://link.springer.com/chapter/10.1007/978-3-642-32160-3_1},
	language = {en},
	urldate = {2015-01-26},
	booktitle = {Modelling and Optimisation of Flows on Networks},
	publisher = {Springer Berlin Heidelberg},
	author = {Ambrosio, Luigi and Gigli, Nicola},
	year = {2013},
	keywords = {Analysis, Mathematical Modeling and Industrial Mathematics, Partial Differential Equations},
	pages = {1--155},
	file = {Snapshot:C\:\\PortableApps\\PortableApps\\FirefoxPortable\\Data\\profile\\zotero\\storage\\FBASMZSR\\10.html:text/html}
}

@article{mccann_existence_1995,
	title = {Existence and uniqueness of monotone measure-preserving maps},
	volume = {80},
	issn = {0012-7094, 1547-7398},
	url = {http://projecteuclid.org/euclid.dmj/1077246085},
	doi = {10.1215/S0012-7094-95-08013-2},
	abstract = {Project Euclid - mathematics and statistics online},
	number = {2},
	urldate = {2015-01-26},
	journal = {Duke Mathematical Journal},
	author = {McCann, Robert J.},
	mrnumber = {MR1369395},
	zmnumber = {0873.28009},
	pages = {309--323},
	file = {Snapshot:C\:\\PortableApps\\PortableApps\\FirefoxPortable\\Data\\profile\\zotero\\storage\\5MPTWRS2\\1077246085.html:text/html}
}

@book{whitney_geometric_2012,
	title = {Geometric Integration Theory: Princeton Mathematical Series, No. 21},
	isbn = {9781258346386},
	shorttitle = {Geometric Integration Theory},
	language = {Englisch},
	publisher = {Literary Licensing, {LLC}},
	author = {Whitney, Hassler},
	month = may,
	year = {2012}
}

@book{federer_geometric_2013,
	address = {Berlin ; New York},
	edition = {Auflage: Reprint of the 1st ed. Berlin, Heidelberg, New York 1969},
	title = {Geometric Measure Theory},
	isbn = {9783540606567},
	abstract = {"This book is a major treatise in mathematics and is essential in the working library of the modern analyst." (Bulletin of the London Mathematical Society)},
	language = {Englisch},
	publisher = {Springer},
	author = {Federer, Herbert},
	month = oct,
	year = {2013}
}

@article{brenier_polar_1991,
	title = {Polar factorization and monotone rearrangement of vector-valued functions},
	volume = {44},
	issn = {1097-0312},
	url = {http://onlinelibrary.wiley.com/doi/10.1002/cpa.3160440402/abstract},
	doi = {10.1002/cpa.3160440402},
	language = {en},
	number = {4},
	urldate = {2015-01-26},
	journal = {Communications on Pure and Applied Mathematics},
	author = {Brenier, Yann},
	year = {1991},
	pages = {375--417},
	file = {Snapshot:C\:\\PortableApps\\PortableApps\\FirefoxPortable\\Data\\profile\\zotero\\storage\\PFGU3DNM\\abstract.html:text/html}
}

@book{villani_topics_2003,
	address = {Providence, {RI}},
	title = {Topics in Optimal Transportation},
	isbn = {9780821833124},
	language = {English},
	publisher = {American Mathematical Society},
	author = {Villani, Cedric},
	month = mar,
	year = {2003}
}

@book{havin_uncertainty_2012,
	title = {The Uncertainty Principle in Harmonic Analysis},
	language = {en},
	publisher = {Springer Science Business Media},
	author = {Havin, Victor and Jöricke, Burglind},
	month = dec,
	year = {2012}	
}

@article{jaming:hal-00120268,
  TITLE = {{Nazarov's uncertainty principles in higher dimension}},
  AUTHOR = {Jaming, Philippe},
  URL = {https://hal.archives-ouvertes.fr/hal-00120268},
  JOURNAL = {{Journal of Approximation Theory}},
  PUBLISHER = {{Elsevier}},
  PAGES = {doi:10.1016/j.jat.2007.04.005},
  YEAR = {2007},
  MONTH = May,
  DOI = {10.1016/j.jat.2007.04.005},
  KEYWORDS = {strong annihilating pair ; random periodization ; uncertainty principle},
  PDF = {https://hal.archives-ouvertes.fr/hal-00120268/file/nazarov61212.pdf},
  HAL_ID = {hal-00120268},
  HAL_VERSION = {v1},
  ARXIV = {arXiv:math/0612367}
}

@article{jaming:hal-00080455,
  TITLE = {{Uncertainty principles for orthonormal sequences}},
  AUTHOR = {Jaming, Philippe and Powell, Alexander, M.},
  URL = {https://hal.archives-ouvertes.fr/hal-00080455},
  JOURNAL = {{Journal of Functional Analysis}},
  PUBLISHER = {{Elsevier}},
  VOLUME = {243},
  PAGES = {611-630},
  YEAR = {2007},
  MONTH = Feb,
  DOI = {10.1016/j.jfa.2006.09.001},
  KEYWORDS = {Uncertainty principle ; spherical code ; orthonormal basis ; Hermite functions ; prolate sphero{\"i}dal wave functions ; Riesz basis},
  PDF = {https://hal.archives-ouvertes.fr/hal-00080455/file/JP60615.pdf},
  HAL_ID = {hal-00080455},
  HAL_VERSION = {v1},
  ARXIV = {arXiv:math/0606395}
}

@article{malinnikova:2010,
year={2010},
issn={1069-5869},
journal={Journal of Fourier Analysis and Applications},
volume={16},
number={6},
doi={10.1007/s00041-009-9114-9},
title={Orthonormal Sequences in {$L^2(\RR d)$} and Time Frequency Localization},
url={http://dx.doi.org/10.1007/s00041-009-9114-9},
publisher={SP Birkhäuser Verlag Boston},
keywords={Uncertainty principle; Orthonormal basis; Time frequency localization; 42B10; 42C25},
author={Malinnikova, Eugenia},
pages={983-1006},
language={English}
}

@Inbook{Ambrosio2013,
author="Ambrosio, Luigi
and Gigli, Nicola",
title={A User's Guide to Optimal Transport},
bookTitle="Modelling and Optimisation of Flows on Networks: Cetraro, Italy 2009, Editors: Benedetto Piccoli, Michel Rascle",
year="2013",
publisher="Springer Berlin Heidelberg",
address="Berlin, Heidelberg",
pages="1--155",
abstract="This text is an expanded version of the lectures given by the first author in the 2009 CIME summer school of Cetraro. It provides a quick and reasonably account of the classical theory of optimal mass transportation and of its more recent developments, including the metric theory of gradient flows, geometric and functional inequalities related to optimal transportation, the first and second order differential calculus in the Wasserstein space and the synthetic theory of metric measure spaces with Ricci curvature bounded from below.",
isbn="978-3-642-32160-3",
doi="10.1007/978-3-642-32160-3_1",
url="https://doi.org/10.1007/978-3-642-32160-3_1"
}

@Article{Steiner1974,
author="Steiner, Antonio",
title={Eine Ungleichung {\"u}ber die Fouriertransformation},
journal="Rendiconti del Circolo Matematico di Palermo",
year="1974",
month="Jan",
day="01",
volume="23",
number="1",
pages="83--86",
issn="1973-4409",
doi="10.1007/BF02844078",
url="https://doi.org/10.1007/BF02844078"
}

@ARTICLE{Chang2011,
author={S. H. Chang and P. C. Cosman and L. B. Milstein},
journal={IEEE Transactions on Communications},
title={Chernoff-Type Bounds for the Gaussian Error Function},
year={2011},
volume={59},
number={11},
pages={2939-2944},
keywords={Gaussian processes;fading channels;Chernoff-type bounds;Gaussian error function;general single-term exponential function;single-term exponential lower bound;single-term exponential upper bound;single-term exponential-type bounds;Approximation methods;Communication systems;Error probability;Fading channels;Signal to noise ratio;Upper bound;Bounds;Gaussian Q-function;error function;exponential},
doi={10.1109/TCOMM.2011.072011.100049},
ISSN={0090-6778},
month={November},}

@article{BalintGrid2,
author = { Gabriel G.   Balint-Kurti  and  Richard N.   Dixon  and  C.   Clay   Marston },
title = {Grid methods for solving the Schrödinger equation and time dependent quantum dynamics of molecular photofragmentation and reactive scattering processes},
journal = {International Reviews in Physical Chemistry},
volume = {11},
number = {2},
pages = {317-344},
year  = {1992},
publisher = {Taylor & Francis},
doi = {10.1080/01442359209353274},

URL = { 
        https://doi.org/10.1080/01442359209353274
    
},
eprint = { 
        https://doi.org/10.1080/01442359209353274
    
}

}

@article{BalintGrid1,
author = {C. Clay Marston and Gabriel G. Balint‐Kurti},
title = {The Fourier grid Hamiltonian method for bound state eigenvalues and eigenfunctions},
journal = {The Journal of Chemical Physics},
volume = {91},
number = {6},
pages = {3571-3576},
year = {1989},
doi = {10.1063/1.456888},

URL = { 
        https://doi.org/10.1063/1.456888
    
},
eprint = { 
        https://doi.org/10.1063/1.456888
    
}

}

@book{villani2008optimal,
  title={Optimal Transport: Old and New},
  author={Villani, C.},
  isbn={9783540710509},
  lccn={2008932183},
  series={Grundlehren der mathematischen Wissenschaften},
  url={https://books.google.ch/books?id=hV8o5R7\_5tkC},
  year={2008},
  publisher={Springer Berlin Heidelberg}
}


@book{ekeland_temam,
author = {Ekeland, I. and Témam, R.},
title = {Convex Analysis and Variational Problems},
publisher = {Society for Industrial and Applied Mathematics},
year = {1999},
doi = {10.1137/1.9781611971088},
address = {},
edition   = {},
URL = {https://epubs.siam.org/doi/abs/10.1137/1.9781611971088},
eprint = {https://epubs.siam.org/doi/pdf/10.1137/1.9781611971088}
}

@book{tables_trafos,
author = {Bateman, Harry},
title = {Tables of Integral Transforms Vol. I., II. },
publisher = {McGraw-Hill Book Company},
year = {1954},
address = {New York},
edition   = {},
URL = {http://resolver.caltech.edu/CaltechAUTHORS:20140123-101456353},
eprint = {http://resolver.caltech.edu/CaltechAUTHORS:20140123-101456353}
}

@article{auslander1979,
author = "Auslander, L. and Tolimieri, R.",
fjournal = "Bulletin (New Series) of the American Mathematical Society",
journal = "Bull. Amer. Math. Soc. (N.S.)",
month = "11",
number = "6",
pages = "847--897",
publisher = "American Mathematical Society",
title = "Is computing with the finite Fourier transform pure or applied mathematics?",
url = "https://projecteuclid.org:443/euclid.bams/1183544898",
volume = "1",
year = "1979"
}

@article{Grunbaum1982,
author = {Grunbaum, Alberto},
year = {1982},
month = {08},
pages = {355–363},
title = {The eigenvectors of the discrete Fourier transform: A version of the Hermite functions},
volume = {88},
booktitle = {Journal of Mathematical Analysis and Applications}
}

@unknown{Mugler2011,
author = {Mugler, Dale},
year = {2011},
month = {06},
pages = {1725 - 1728},
title = {The Centered Discrete Fourier Transform and a parallel implementation of the FFT},
booktitle = {ICASSP, IEEE International Conference on Acoustics, Speech and Signal Processing - Proceedings}
}

@manual{octave,
    title     = {{GNU Octave} version 4.2.0 manual: a high-level interactive language for 
	              numerical computations},
    author    = {John W. Eaton and David Bateman and S{\o}ren Hauberg and Rik Wehbring},
    year      = {2016},
    url       = {http://www.gnu.org/software/octave/doc/interpreter},
}



